@article{b1,
	author = {Aumann, Robert},
	journal = {Econometrica},
	number = {1},
	year = {1987},
	pages = {1--18},
	title = {Correlated equilibrium as an expression of {Bayesian} rationality},
	volume = {55},
}


@misc{b2,
	author = {Peck, James},
	year = {1994},
	note = {Unpublished Manuscript, Ohio State University},
	title = {Competition in transactions mechanisms: The emergence of competition},
}


@book{b3,
	address = {Cambridge, U.K.},
	editor = {Enelow, James and Hinich, Melvin},
	year = {1990},
	publisher = {Cambridge University Press},
	title = {Advances in the {Spatial} {Theory} of {Voting}},
}


@inbook{b4,
	address = {Cambridge, U.K.},
	author = {Wittman, Donald},
	booktitle = {Advances in the {Spatial} {Theory} of {Voting}},
	editor = {Hinich, Melvin and Enelow, James},
	year = {1990},
	pages = {66--98},
	publisher = {Cambridge University Press},
	title = {Spatial strategies when candidates have policy preferences},
}


@article{b5,
	author = {Cahuc, P. and Postel-Vinay, F. and Robin, J.-M.},
	journal = {Quantitative Economics Supplemental Material},
	year = {2006},
	title = {Supplement to \textasciigrave{}{Wage} bargaining with on-the-job search: Theory and evidence'},
}

