@article{b1,
  author = {Aumann, Robert},
  year = {1987},
  title = {Correlated equilibrium as an expression of {Bayesian} rationality},
  journal = {Econometrica},
  volume = {55},
  number = {1},
  pages = {1--18}
}

@unpublished{b2,
  author = {Peck, James},
  year = {1994},
  title = {Competition in transactions mechanisms: {The} emergence of competition},
  note = {Unpublished Manuscript, Ohio State University}
}

@book{b3,
  editor = {Enelow, James and Hinich, Melvin},
  year = {1990},
  title = {Advances in the {Spatial} {Theory} of {Voting}},
  publisher = {Cambridge University Press},
  address = {Cambridge, U.K.}
}

@incollection{b4,
  author = {Wittman, Donald},
  year = {1990},
  title = {Spatial strategies when candidates have policy preferences},
  booktitle = {Advances in the {Spatial} {Theory} of {Voting}},
  editor = {M. Hinich and J. Enelow},
  pages = {66--98},
  publisher = {Cambridge University Press},
  address = {Cambridge, U.K.}
}

@article{b5,
  author = {Cahuc, P. and Postel-Vinay, F. and Robin, J.-M.},
  year = {2006},
  title = {Supplement to `{Wage} bargaining with on-the-job search: {Theory} and evidence'},
  journal = {Quantitative Economics Supplemental Material}
} 